%% This BibTeX bibliography file was created using BibDesk.
%% https://bibdesk.sourceforge.io/

%% Created for See, Kevin at 2020-08-06 16:18:45 -0700 


%% Saved with string encoding Unicode (UTF-8) 



@techreport{Ogden2014,
	Author = {Ogden, Darren A},
	Date-Added = {2020-08-06 15:31:49 -0700},
	Date-Modified = {2020-08-06 15:31:49 -0700},
	Title = {Operation of the Adult Trap at Lower Granite Dam 2013},
	Year = {2014},
	Bdsk-File-1 = {YnBsaXN0MDDSAQIDBFxyZWxhdGl2ZVBhdGhZYWxpYXNEYXRhXxBYLi4vLi4vLi4vLi4vLi4vLi4vT25lRHJpdmUgLSBNZXJjayBTaGFycCAmIERvaG1lLCBDb3JwL0JpYmxpb2dyYXBoeS9QYXBlcnMvT2dkZW4yMDE0LnBkZk8RAZwAAAAAAZwAAgAADE1hY2ludG9zaCBIRAAAAAAAAAAAAAAAAAAAAAAAAABCRAAB/////w1PZ2RlbjIwMTQucGRmAAAAAAAAAAAAAAAAAAAAAAAAAAAAAAAAAAAAAAAAAAAAAAAAAAAAAAAAAAAAAAAAAAD/////AAAAAAAAAAAAAAAAAAYABAAACiBjdQAAAAAAAAAAAAAAAAAGUGFwZXJzAAIAUy86VXNlcnM6c2VlazpPbmVEcml2ZSAtIE1lcmNrIFNoYXJwICYgRG9obWUsIENvcnA6QmlibGlvZ3JhcGh5OlBhcGVyczpPZ2RlbjIwMTQucGRmAAAOABwADQBPAGcAZABlAG4AMgAwADEANAAuAHAAZABmAA8AGgAMAE0AYQBjAGkAbgB0AG8AcwBoACAASABEABIAUVVzZXJzL3NlZWsvT25lRHJpdmUgLSBNZXJjayBTaGFycCAmIERvaG1lLCBDb3JwL0JpYmxpb2dyYXBoeS9QYXBlcnMvT2dkZW4yMDE0LnBkZgAAEwABLwAAFQACAAv//wAAAAgADQAaACQAfwAAAAAAAAIBAAAAAAAAAAUAAAAAAAAAAAAAAAAAAAIf}}

@techreport{Ogden2016,
	Author = {Ogden, Darren A},
	Date-Added = {2020-08-06 15:31:49 -0700},
	Date-Modified = {2020-08-06 15:31:49 -0700},
	Title = {Operation of the Adult Trap at {Lower Granite Dam 2014}},
	Year = {2016}}

@book{Shumway2010,
	Author = {Shumway, Robert H and Stoffer, David S},
	Date-Added = {2020-08-06 15:28:54 -0700},
	Date-Modified = {2020-08-06 15:28:54 -0700},
	Publisher = {Springer},
	Title = {Time series analysis and its applications: with {R} examples},
	Year = {2010}}

@techreport{Schrader2013,
	Author = {Schrader, W. C. and Corsi, M. P. and Kennedy, P. and Ackerman, M. W. and Campbell, M. R. and Wright, K. K. and Copeland, T.},
	Date-Added = {2020-08-06 14:47:21 -0700},
	Date-Modified = {2020-08-06 14:47:21 -0700},
	Institution = {Idaho Department of Fish and Game},
	Number = {13-15},
	Title = {Wild adult steelhead and {C}hinook salmon abundance and composition at {L}ower {G}ranite Dam, spawn year 2011},
	Type = {Report},
	Year = {2013},
	Bdsk-File-1 = {YnBsaXN0MDDSAQIDBFxyZWxhdGl2ZVBhdGhZYWxpYXNEYXRhXxBbLi4vLi4vLi4vLi4vLi4vLi4vT25lRHJpdmUgLSBNZXJjayBTaGFycCAmIERvaG1lLCBDb3JwL0JpYmxpb2dyYXBoeS9QYXBlcnMvU2NocmFkZXIyMDEzLnBkZk8RAaYAAAAAAaYAAgAADE1hY2ludG9zaCBIRAAAAAAAAAAAAAAAAAAAAAAAAABCRAAB/////xBTY2hyYWRlcjIwMTMucGRmAAAAAAAAAAAAAAAAAAAAAAAAAAAAAAAAAAAAAAAAAAAAAAAAAAAAAAAAAAAAAAD/////AAAAAAAAAAAAAAAAAAYABAAACiBjdQAAAAAAAAAAAAAAAAAGUGFwZXJzAAIAVi86VXNlcnM6c2VlazpPbmVEcml2ZSAtIE1lcmNrIFNoYXJwICYgRG9obWUsIENvcnA6QmlibGlvZ3JhcGh5OlBhcGVyczpTY2hyYWRlcjIwMTMucGRmAA4AIgAQAFMAYwBoAHIAYQBkAGUAcgAyADAAMQAzAC4AcABkAGYADwAaAAwATQBhAGMAaQBuAHQAbwBzAGgAIABIAEQAEgBUVXNlcnMvc2Vlay9PbmVEcml2ZSAtIE1lcmNrIFNoYXJwICYgRG9obWUsIENvcnAvQmlibGlvZ3JhcGh5L1BhcGVycy9TY2hyYWRlcjIwMTMucGRmABMAAS8AABUAAgAL//8AAAAIAA0AGgAkAIIAAAAAAAACAQAAAAAAAAAFAAAAAAAAAAAAAAAAAAACLA==}}

@article{Steinhorst2017,
	Author = {Steinhorst, Kirk and Copeland, Timothy and Ackerman, Michael W. and Schrader, William C. and Anderson, Eric C.},
	Date-Added = {2020-08-06 14:47:21 -0700},
	Date-Modified = {2020-08-06 14:47:21 -0700},
	Journal = {Fishery Bulletin},
	Number = {1},
	Pages = {1--12},
	Title = {Abundance estimates and confidence intervals for the run composition of returning salmonids},
	Volume = {115},
	Year = {2017},
	Bdsk-File-1 = {YnBsaXN0MDDSAQIDBFxyZWxhdGl2ZVBhdGhZYWxpYXNEYXRhXxBdLi4vLi4vLi4vLi4vLi4vLi4vT25lRHJpdmUgLSBNZXJjayBTaGFycCAmIERvaG1lLCBDb3JwL0JpYmxpb2dyYXBoeS9QYXBlcnMvU3RlaW5ob3JzdDIwMTcucGRmTxEBrgAAAAABrgACAAAMTWFjaW50b3NoIEhEAAAAAAAAAAAAAAAAAAAAAAAAAEJEAAH/////ElN0ZWluaG9yc3QyMDE3LnBkZgAAAAAAAAAAAAAAAAAAAAAAAAAAAAAAAAAAAAAAAAAAAAAAAAAAAAAAAAAAAP////8AAAAAAAAAAAAAAAAABgAEAAAKIGN1AAAAAAAAAAAAAAAAAAZQYXBlcnMAAgBYLzpVc2VyczpzZWVrOk9uZURyaXZlIC0gTWVyY2sgU2hhcnAgJiBEb2htZSwgQ29ycDpCaWJsaW9ncmFwaHk6UGFwZXJzOlN0ZWluaG9yc3QyMDE3LnBkZgAOACYAEgBTAHQAZQBpAG4AaABvAHIAcwB0ADIAMAAxADcALgBwAGQAZgAPABoADABNAGEAYwBpAG4AdABvAHMAaAAgAEgARAASAFZVc2Vycy9zZWVrL09uZURyaXZlIC0gTWVyY2sgU2hhcnAgJiBEb2htZSwgQ29ycC9CaWJsaW9ncmFwaHkvUGFwZXJzL1N0ZWluaG9yc3QyMDE3LnBkZgATAAEvAAAVAAIAC///AAAACAANABoAJACEAAAAAAAAAgEAAAAAAAAABQAAAAAAAAAAAAAAAAAAAjY=}}

@techreport{USACE2015,
	Author = {USACE},
	Date-Added = {2020-08-06 14:47:21 -0700},
	Date-Modified = {2020-08-06 14:47:21 -0700},
	Institution = {U.S. Army Corps of Engineers},
	Title = {Annual Fish Passage Report {C}olumbia and {S}nake Rivers},
	Year = {2015},
	Bdsk-File-1 = {YnBsaXN0MDDSAQIDBFxyZWxhdGl2ZVBhdGhZYWxpYXNEYXRhXxBYLi4vLi4vLi4vLi4vLi4vLi4vT25lRHJpdmUgLSBNZXJjayBTaGFycCAmIERvaG1lLCBDb3JwL0JpYmxpb2dyYXBoeS9QYXBlcnMvVVNBQ0UyMDE1LnBkZk8RAZwAAAAAAZwAAgAADE1hY2ludG9zaCBIRAAAAAAAAAAAAAAAAAAAAAAAAABCRAAB/////w1VU0FDRTIwMTUucGRmAAAAAAAAAAAAAAAAAAAAAAAAAAAAAAAAAAAAAAAAAAAAAAAAAAAAAAAAAAAAAAAAAAD/////AAAAAAAAAAAAAAAAAAYABAAACiBjdQAAAAAAAAAAAAAAAAAGUGFwZXJzAAIAUy86VXNlcnM6c2VlazpPbmVEcml2ZSAtIE1lcmNrIFNoYXJwICYgRG9obWUsIENvcnA6QmlibGlvZ3JhcGh5OlBhcGVyczpVU0FDRTIwMTUucGRmAAAOABwADQBVAFMAQQBDAEUAMgAwADEANQAuAHAAZABmAA8AGgAMAE0AYQBjAGkAbgB0AG8AcwBoACAASABEABIAUVVzZXJzL3NlZWsvT25lRHJpdmUgLSBNZXJjayBTaGFycCAmIERvaG1lLCBDb3JwL0JpYmxpb2dyYXBoeS9QYXBlcnMvVVNBQ0UyMDE1LnBkZgAAEwABLwAAFQACAAv//wAAAAgADQAaACQAfwAAAAAAAAIBAAAAAAAAAAUAAAAAAAAAAAAAAAAAAAIf}}

@techreport{Wright2015,
	Author = {Wright, Kristin K and Schrader, William Cecil and Reinhardt, Leslie and Hernandez, Kala and Hohman, Clifford and Copeland, Timothy},
	Date-Added = {2020-08-06 14:47:21 -0700},
	Date-Modified = {2020-08-06 14:47:21 -0700},
	Institution = {Idaho Department of Fish and Game},
	Number = {15-03},
	Title = {Process and methods for assigning ages to anadromous salmonids from scale samples},
	Year = {2015}}

@techreport{Ogden2016b,
	Author = {Ogden, Darren A},
	Date-Added = {2020-08-06 14:46:15 -0700},
	Date-Modified = {2020-08-06 14:46:15 -0700},
	Title = {Operation of the Adult Trap at {Lower Granite Dam} 2015},
	Year = {2016}}

@techreport{Camacho2017,
	Author = {Camacho, C.A. and Wright, K.K. and Powell, J. and Schrader, W. C. and Copeland, T. and Ackerman, M.W. and Dobos, M. and Corsi, M.P. and Campbell, M. R.},
	Date-Added = {2020-08-06 14:45:29 -0700},
	Date-Modified = {2020-08-06 14:45:29 -0700},
	Institution = {Idaho Department of Fish {and} Game},
	Number = {17-06},
	Title = {Wild adult steelhead and {C}hinook salmon abundance and composition at {L}ower {G}ranite {D}am, spawn years 2009-2016},
	Year = {2017},
	Bdsk-File-1 = {YnBsaXN0MDDSAQIDBFxyZWxhdGl2ZVBhdGhZYWxpYXNEYXRhXxBaLi4vLi4vLi4vLi4vLi4vLi4vT25lRHJpdmUgLSBNZXJjayBTaGFycCAmIERvaG1lLCBDb3JwL0JpYmxpb2dyYXBoeS9QYXBlcnMvQ2FtYWNobzIwMTcucGRmTxEBpAAAAAABpAACAAAMTWFjaW50b3NoIEhEAAAAAAAAAAAAAAAAAAAAAAAAAEJEAAH/////D0NhbWFjaG8yMDE3LnBkZgAAAAAAAAAAAAAAAAAAAAAAAAAAAAAAAAAAAAAAAAAAAAAAAAAAAAAAAAAAAAAAAP////8AAAAAAAAAAAAAAAAABgAEAAAKIGN1AAAAAAAAAAAAAAAAAAZQYXBlcnMAAgBVLzpVc2VyczpzZWVrOk9uZURyaXZlIC0gTWVyY2sgU2hhcnAgJiBEb2htZSwgQ29ycDpCaWJsaW9ncmFwaHk6UGFwZXJzOkNhbWFjaG8yMDE3LnBkZgAADgAgAA8AQwBhAG0AYQBjAGgAbwAyADAAMQA3AC4AcABkAGYADwAaAAwATQBhAGMAaQBuAHQAbwBzAGgAIABIAEQAEgBTVXNlcnMvc2Vlay9PbmVEcml2ZSAtIE1lcmNrIFNoYXJwICYgRG9obWUsIENvcnAvQmlibGlvZ3JhcGh5L1BhcGVycy9DYW1hY2hvMjAxNy5wZGYAABMAAS8AABUAAgAL//8AAAAIAA0AGgAkAIEAAAAAAAACAQAAAAAAAAAFAAAAAAAAAAAAAAAAAAACKQ==}}

@techreport{Camacho2019,
	Author = {Camacho, C. A. and T. Delomas and M. Davison and M. E. Dobos and W. C. Schrader and M. R. Campbell and T. Copeland},
	Date-Added = {2020-08-06 14:45:29 -0700},
	Date-Modified = {2020-08-06 14:45:29 -0700},
	Institution = { Idaho Department of Fish {and} Game},
	Number = {19-12},
	Title = {Wild juvenile steelhead and {C}hinook {S}almon abundance and composition at {L}ower {G}ranite {D}am, migratory year 2018},
	Year = {2019},
	Bdsk-File-1 = {YnBsaXN0MDDSAQIDBFxyZWxhdGl2ZVBhdGhZYWxpYXNEYXRhXxBaLi4vLi4vLi4vLi4vLi4vLi4vT25lRHJpdmUgLSBNZXJjayBTaGFycCAmIERvaG1lLCBDb3JwL0JpYmxpb2dyYXBoeS9QYXBlcnMvQ2FtYWNobzIwMTkucGRmTxEBpAAAAAABpAACAAAMTWFjaW50b3NoIEhEAAAAAAAAAAAAAAAAAAAAAAAAAEJEAAH/////D0NhbWFjaG8yMDE5LnBkZgAAAAAAAAAAAAAAAAAAAAAAAAAAAAAAAAAAAAAAAAAAAAAAAAAAAAAAAAAAAAAAAP////8AAAAAAAAAAAAAAAAABgAEAAAKIGN1AAAAAAAAAAAAAAAAAAZQYXBlcnMAAgBVLzpVc2VyczpzZWVrOk9uZURyaXZlIC0gTWVyY2sgU2hhcnAgJiBEb2htZSwgQ29ycDpCaWJsaW9ncmFwaHk6UGFwZXJzOkNhbWFjaG8yMDE5LnBkZgAADgAgAA8AQwBhAG0AYQBjAGgAbwAyADAAMQA5AC4AcABkAGYADwAaAAwATQBhAGMAaQBuAHQAbwBzAGgAIABIAEQAEgBTVXNlcnMvc2Vlay9PbmVEcml2ZSAtIE1lcmNrIFNoYXJwICYgRG9obWUsIENvcnAvQmlibGlvZ3JhcGh5L1BhcGVycy9DYW1hY2hvMjAxOS5wZGYAABMAAS8AABUAAgAL//8AAAAIAA0AGgAkAIEAAAAAAAACAQAAAAAAAAAFAAAAAAAAAAAAAAAAAAACKQ==}}

@article{Dauble2000,
	Author = {Dauble, Dennis D and Mueller, Robert P},
	Date-Added = {2020-08-06 14:45:29 -0700},
	Date-Modified = {2020-08-06 14:45:29 -0700},
	Journal = {Fisheries},
	Number = {8},
	Pages = {24--34},
	Publisher = {Taylor \& Francis},
	Title = {Upstream passage monitoring: difficulties in estimating survival for adult chinook salmon in the Columbia and Snake Rivers},
	Volume = {25},
	Year = {2000},
	Bdsk-File-1 = {YnBsaXN0MDDSAQIDBFxyZWxhdGl2ZVBhdGhZYWxpYXNEYXRhXxBZLi4vLi4vLi4vLi4vLi4vLi4vT25lRHJpdmUgLSBNZXJjayBTaGFycCAmIERvaG1lLCBDb3JwL0JpYmxpb2dyYXBoeS9QYXBlcnMvRGF1YmxlMjAwMC5wZGZPEQGeAAAAAAGeAAIAAAxNYWNpbnRvc2ggSEQAAAAAAAAAAAAAAAAAAAAAAAAAQkQAAf////8ORGF1YmxlMjAwMC5wZGYAAAAAAAAAAAAAAAAAAAAAAAAAAAAAAAAAAAAAAAAAAAAAAAAAAAAAAAAAAAAAAAAA/////wAAAAAAAAAAAAAAAAAGAAQAAAogY3UAAAAAAAAAAAAAAAAABlBhcGVycwACAFQvOlVzZXJzOnNlZWs6T25lRHJpdmUgLSBNZXJjayBTaGFycCAmIERvaG1lLCBDb3JwOkJpYmxpb2dyYXBoeTpQYXBlcnM6RGF1YmxlMjAwMC5wZGYADgAeAA4ARABhAHUAYgBsAGUAMgAwADAAMAAuAHAAZABmAA8AGgAMAE0AYQBjAGkAbgB0AG8AcwBoACAASABEABIAUlVzZXJzL3NlZWsvT25lRHJpdmUgLSBNZXJjayBTaGFycCAmIERvaG1lLCBDb3JwL0JpYmxpb2dyYXBoeS9QYXBlcnMvRGF1YmxlMjAwMC5wZGYAEwABLwAAFQACAAv//wAAAAgADQAaACQAgAAAAAAAAAIBAAAAAAAAAAUAAAAAAAAAAAAAAAAAAAIi}}

@techreport{Hargrove2019,
	Author = {Hargrove, John S and Delomas, Thomas A and Davison, Micah},
	Date-Added = {2020-08-06 14:45:29 -0700},
	Date-Modified = {2020-08-06 14:45:29 -0700},
	Institution = {Idaho Department of Fish {and} Game},
	Number = {19-08},
	Title = {Chinook and steelhead genotyping for genetic stock identification at {Lower Granite Dam}},
	Year = {2019},
	Bdsk-File-1 = {YnBsaXN0MDDSAQIDBFxyZWxhdGl2ZVBhdGhZYWxpYXNEYXRhXxBbLi4vLi4vLi4vLi4vLi4vLi4vT25lRHJpdmUgLSBNZXJjayBTaGFycCAmIERvaG1lLCBDb3JwL0JpYmxpb2dyYXBoeS9QYXBlcnMvSGFyZ3JvdmUyMDE5LnBkZk8RAaYAAAAAAaYAAgAADE1hY2ludG9zaCBIRAAAAAAAAAAAAAAAAAAAAAAAAABCRAAB/////xBIYXJncm92ZTIwMTkucGRmAAAAAAAAAAAAAAAAAAAAAAAAAAAAAAAAAAAAAAAAAAAAAAAAAAAAAAAAAAAAAAD/////AAAAAAAAAAAAAAAAAAYABAAACiBjdQAAAAAAAAAAAAAAAAAGUGFwZXJzAAIAVi86VXNlcnM6c2VlazpPbmVEcml2ZSAtIE1lcmNrIFNoYXJwICYgRG9obWUsIENvcnA6QmlibGlvZ3JhcGh5OlBhcGVyczpIYXJncm92ZTIwMTkucGRmAA4AIgAQAEgAYQByAGcAcgBvAHYAZQAyADAAMQA5AC4AcABkAGYADwAaAAwATQBhAGMAaQBuAHQAbwBzAGgAIABIAEQAEgBUVXNlcnMvc2Vlay9PbmVEcml2ZSAtIE1lcmNrIFNoYXJwICYgRG9obWUsIENvcnAvQmlibGlvZ3JhcGh5L1BhcGVycy9IYXJncm92ZTIwMTkucGRmABMAAS8AABUAAgAL//8AAAAIAA0AGgAkAIIAAAAAAAACAQAAAAAAAAAFAAAAAAAAAAAAAAAAAAACLA==}}

@techreport{Hatch1994,
	Author = {Hatch, Douglas R and Pederson, David R and Fryer, Jeffrey},
	Date-Added = {2020-08-06 14:45:29 -0700},
	Date-Modified = {2020-08-06 14:45:29 -0700},
	Institution = {Columbia River Inter-Tribal Fish Commission},
	Title = {Feasibility of Documenting and Estimating Adult Fish Passage at Large Hydroelectric Facilities in the Snake River Using Video Technology; 1993 Final Report.},
	Year = {1994},
	Bdsk-File-1 = {YnBsaXN0MDDSAQIDBFxyZWxhdGl2ZVBhdGhZYWxpYXNEYXRhXxBYLi4vLi4vLi4vLi4vLi4vLi4vT25lRHJpdmUgLSBNZXJjayBTaGFycCAmIERvaG1lLCBDb3JwL0JpYmxpb2dyYXBoeS9QYXBlcnMvSGF0Y2gxOTk0LnBkZk8RAZwAAAAAAZwAAgAADE1hY2ludG9zaCBIRAAAAAAAAAAAAAAAAAAAAAAAAABCRAAB/////w1IYXRjaDE5OTQucGRmAAAAAAAAAAAAAAAAAAAAAAAAAAAAAAAAAAAAAAAAAAAAAAAAAAAAAAAAAAAAAAAAAAD/////AAAAAAAAAAAAAAAAAAYABAAACiBjdQAAAAAAAAAAAAAAAAAGUGFwZXJzAAIAUy86VXNlcnM6c2VlazpPbmVEcml2ZSAtIE1lcmNrIFNoYXJwICYgRG9obWUsIENvcnA6QmlibGlvZ3JhcGh5OlBhcGVyczpIYXRjaDE5OTQucGRmAAAOABwADQBIAGEAdABjAGgAMQA5ADkANAAuAHAAZABmAA8AGgAMAE0AYQBjAGkAbgB0AG8AcwBoACAASABEABIAUVVzZXJzL3NlZWsvT25lRHJpdmUgLSBNZXJjayBTaGFycCAmIERvaG1lLCBDb3JwL0JpYmxpb2dyYXBoeS9QYXBlcnMvSGF0Y2gxOTk0LnBkZgAAEwABLwAAFQACAAv//wAAAAgADQAaACQAfwAAAAAAAAIBAAAAAAAAAAUAAAAAAAAAAAAAAAAAAAIf}}

@article{Boggs2004,
	Author = {Boggs, CT and Keefer, Matthew L and Peery, CA and Bjornn, Ted C and Stuehrenberg, Lowell C},
	Date-Added = {2020-08-06 14:44:25 -0700},
	Date-Modified = {2020-08-06 14:44:25 -0700},
	Journal = {Transactions of the American Fisheries Society},
	Number = {4},
	Pages = {932--949},
	Publisher = {Taylor \& Francis},
	Title = {Fallback, reascension, and adjusted fishway escapement estimates for adult Chinook salmon and steelhead at Columbia and Snake River dams},
	Volume = {133},
	Year = {2004},
	Bdsk-File-1 = {YnBsaXN0MDDSAQIDBFxyZWxhdGl2ZVBhdGhZYWxpYXNEYXRhXxBYLi4vLi4vLi4vLi4vLi4vLi4vT25lRHJpdmUgLSBNZXJjayBTaGFycCAmIERvaG1lLCBDb3JwL0JpYmxpb2dyYXBoeS9QYXBlcnMvQm9nZ3MyMDA0LnBkZk8RAZwAAAAAAZwAAgAADE1hY2ludG9zaCBIRAAAAAAAAAAAAAAAAAAAAAAAAABCRAAB/////w1Cb2dnczIwMDQucGRmAAAAAAAAAAAAAAAAAAAAAAAAAAAAAAAAAAAAAAAAAAAAAAAAAAAAAAAAAAAAAAAAAAD/////AAAAAAAAAAAAAAAAAAYABAAACiBjdQAAAAAAAAAAAAAAAAAGUGFwZXJzAAIAUy86VXNlcnM6c2VlazpPbmVEcml2ZSAtIE1lcmNrIFNoYXJwICYgRG9obWUsIENvcnA6QmlibGlvZ3JhcGh5OlBhcGVyczpCb2dnczIwMDQucGRmAAAOABwADQBCAG8AZwBnAHMAMgAwADAANAAuAHAAZABmAA8AGgAMAE0AYQBjAGkAbgB0AG8AcwBoACAASABEABIAUVVzZXJzL3NlZWsvT25lRHJpdmUgLSBNZXJjayBTaGFycCAmIERvaG1lLCBDb3JwL0JpYmxpb2dyYXBoeS9QYXBlcnMvQm9nZ3MyMDA0LnBkZgAAEwABLwAAFQACAAv//wAAAAgADQAaACQAfwAAAAAAAAIBAAAAAAAAAAUAAAAAAAAAAAAAAAAAAAIf}}

@article{Bue1998,
	Abstract = {Accurate estimates  of Pacific salmon  spawners  are  needed to set spawning  escapement goals 
and regulate harvests.  Estimating the number of pink salmon Oncorhynchus gorbuscha spawning in 
Prince William Sound, Alaska,  is difficult since annual runs have ranged between 2.2 million and  19.6 
million  and  spawning  occurs  in  over  one  thousand  individual  freshwater  systems.  Escapement 
monitoring is  accomplished by surveying a collection  of 208 index creeks several times over a period 
of weeks from fixed wing aircraft.  Unadjusted survey counts are used to monitor escapements during 
the  commercial fishing  season,  while estimates  of the total  number of spawners are  calculated  after 
the season using area-under-the-curve methods.  We examined the accuracy of area-under-the-curve 
estimates by using information obtained on  creeks with  intertidal weirs:  3 creeks in  1990,  8 creeks in 
1991, and 7 creeks in  1992.  Aerial observer efficiency and stream-life values,  calculated for each study 
creek  each  year  of the  study,  used  in  conjunction  with  aerial  observations,  produced  pink  salmon 
escapement  estimates  that  were  on  average  within  10%  of  weir  counts  for  these  same  creeks. 
Currently used methods,  using only the area-under-the-curve and a constant stream life of 17.5 days, 
produced escapement estimates that were on  average less than 50% of the corresponding weir counts. 
The use of a correction for aerial observer efficiency provided the greatest improvement in escapement 
estimates,  although,  the  adjustment  for  stream  life  also  provided  substantial  improvement.  An 
investigation  of  the  effect  of  survey  frequency  on  area-under-the-curve  estimates  indicated  that 
accuracy deteriorated when the survey interval exceeded 7 days. },
	Author = {Bue, B.G. and Fried, S.M. and Sharr, S. and Sharp, D.G. and Wilcock, J.A. and Geiger, H.J.},
	Date-Added = {2020-08-06 14:44:25 -0700},
	Date-Modified = {2020-08-06 14:44:25 -0700},
	Journal = {North Pacific Anadromous Fish Commission Bulletin},
	Pages = {240--250},
	Title = {Estimating salmon escapement using area-under-the-curve, aerial observer efficiency, and stream-life estimates: The Prince William Sound pink salmon example},
	Volume = {1},
	Year = {1998},
	Bdsk-File-1 = {YnBsaXN0MDDSAQIDBFxyZWxhdGl2ZVBhdGhZYWxpYXNEYXRhXxBWLi4vLi4vLi4vLi4vLi4vLi4vT25lRHJpdmUgLSBNZXJjayBTaGFycCAmIERvaG1lLCBDb3JwL0JpYmxpb2dyYXBoeS9QYXBlcnMvQnVlMTk5OC5QREZPEQGUAAAAAAGUAAIAAAxNYWNpbnRvc2ggSEQAAAAAAAAAAAAAAAAAAAAAAAAAQkQAAf////8LQnVlMTk5OC5QREYAAAAAAAAAAAAAAAAAAAAAAAAAAAAAAAAAAAAAAAAAAAAAAAAAAAAAAAAAAAAAAAAAAAAA/////wAAAAAAAAAAAAAAAAAGAAQAAAogY3UAAAAAAAAAAAAAAAAABlBhcGVycwACAFEvOlVzZXJzOnNlZWs6T25lRHJpdmUgLSBNZXJjayBTaGFycCAmIERvaG1lLCBDb3JwOkJpYmxpb2dyYXBoeTpQYXBlcnM6QnVlMTk5OC5QREYAAA4AGAALAEIAdQBlADEAOQA5ADgALgBQAEQARgAPABoADABNAGEAYwBpAG4AdABvAHMAaAAgAEgARAASAE9Vc2Vycy9zZWVrL09uZURyaXZlIC0gTWVyY2sgU2hhcnAgJiBEb2htZSwgQ29ycC9CaWJsaW9ncmFwaHkvUGFwZXJzL0J1ZTE5OTguUERGAAATAAEvAAAVAAIAC///AAAACAANABoAJAB9AAAAAAAAAgEAAAAAAAAABQAAAAAAAAAAAAAAAAAAAhU=}}
